
@misc{ KORA,
  key ="helmholtz-muenchen.de/kora",
  title = "\textsc{KORA-kooperative Gesundheitsforschung in der Region Augsburg}",
  note = "\url{http://www.helmholtz-muenchen.de/kora/informationen-fuer-wissenschaftlerinnen/uebersicht-abgeschlossener-kora-studien/index.html},{entnommen am 14. Juni 2013}",
  year = 2013
  }
  
@misc{ csv,
  key ="wikipedia.de",
  title = "\textsc{KORA-kooperative Gesundheitsforschung in der Region Augsburg}",
  note = "\url{http://de.wikipedia.org/wiki/CSV_(Dateiformat)},{entnommen am 14. Juni 2013}",
  year = 2013
  }
  
@misc{ raw,
  key ="itwissen.info",
  title = "\textsc{IT Wissen}",
  note = "\url{http://www.itwissen.info/definition/lexikon/RAW-Format-RAW-format.html},{entnommen am 14. Juni 2013}",
  year = 2013
  }
@techreport{ idp,
  author = "Johannes Eder, Martin Attenkofer",
  title = "\emph{IDP: Quality Control Tool for Different Accelerometer Data}",
  institution = { Institut f"ur Medizinische Statistik und Epidemiologie M"unchen},
  year = 2013
  }
  

